1747 2769
218 518 853 592 Lectoribus
949 522 1314 621 aequis

699 661 733 689 s.
789 647 830 689 d.

350 742 432 789 A.
452 743 522 789 F.
542 743 622 790 A.
642 743 1074 803 Wiegmann‚
1104 748 1181 790 Dr.

65 999 258 1081 Tanta
292 1048 555 1081 novarum
589 1034 881 1099 specierum
916 1032 1205 1083 multitudo
1240 1041 1464 1098 quotan-

65 1113 147 1160 nis
187 1113 243 1160 in
280 1113 533 1176 Zoologia
578 1115 775 1163 accedit
807 1124 1023 1178 tamque
1057 1114 1208 1161 variis
1242 1113 1296 1160 in
1332 1113 1462 1161 locis

68 1193 310 1258 dispersa,
338 1204 397 1242 ut
422 1194 880 1256 diligentissimum
906 1193 1064 1256 hujus
1089 1194 1331 1241 scientiae
1357 1193 1462 1241 cul-
1485 1237 1487 1240 ,

63 1282 236 1322 torem
283 1283 332 1322 et
371 1274 611 1339 quamvis
646 1275 872 1322 maxima
906 1274 1168 1322 librorum
1205 1274 1463 1339 suppelle-

65 1355 170 1403 ctili
204 1354 516 1420 praeditum,
551 1354 785 1417 singulae
820 1354 1065 1403 facillime
1099 1355 1303 1419 possint
1331 1353 1464 1402 effu-

64 1451 206 1498 gere,
249 1435 451 1483 nedum
489 1452 602 1492 eOS,
644 1436 734 1501 qui
772 1436 835 1483 ab
873 1436 1020 1484 omni
1055 1433 1165 1484 sere
1198 1436 1462 1483 librorum

65 1525 328 1582 apparatu,
356 1517 618 1581 imprimis
645 1517 1121 1582 ephemericorum,
1146 1516 1328 1571 orbati,
1351 1514 1463 1563 fru-

64 1607 166 1646 stra
206 1614 475 1646 novorum
521 1598 856 1655 animalium,
908 1614 1042 1662 quae
1086 1597 1198 1645 sine
1242 1596 1464 1644 nomine

65 1677 271 1742 saepius
305 1678 590 1742 possident,
625 1679 846 1726 nomina
883 1693 1202 1740 cognoscere
1237 1677 1463 1725 student.

68 1757 229 1820 Quod
284 1775 453 1823 quum
503 1758 573 1805 ita
624 1758 710 1814 sit,
761 1757 906 1806 haud
950 1775 1169 1822 parvum
1213 1758 1463 1821 putabam

65 1838 309 1886 scientiae
345 1837 699 1886 commodum
735 1837 948 1885 allatum
983 1837 1067 1893 iri,
1104 1838 1143 1885 si
1178 1838 1297 1902 quis
1329 1854 1464 1902 quae

63 1920 120 1967 in
165 1918 381 1981 singulis
424 1918 571 1982 regni
618 1918 856 1966 animalis
896 1917 1181 1983 provinciis
1215 1934 1351 1965 nova
1384 1917 1464 1965 in-

63 2000 356 2056 notuerint,
406 1999 462 2046 in
513 2015 688 2047 unum
740 1998 892 2046 vellet
933 1998 1177 2060 colligere
1221 2014 1278 2045 ac
1321 2007 1461 2046 certo

67 2079 348 2145 disponere
377 2079 578 2128 ordine.
636 2079 697 2128 Id
730 2078 947 2144 quidem
976 2079 1032 2126 in
1059 2079 1240 2127 ceteris
1267 2078 1463 2126 anima-

63 2161 197 2209 lium
234 2160 481 2209 classilms
509 2170 726 2225 propter
755 2159 1023 2207 minorem
1058 2175 1317 2207 novarum
1349 2175 1463 2224 spe-

66 2241 267 2289 cierum
304 2241 511 2305 copiam
547 2240 820 2289 annalibus
864 2240 997 2287 meis
1041 2238 1246 2288 facilius
1279 2255 1462 2304 perpe-

65 2331 201 2370 trare
241 2322 416 2386 potui,
468 2322 526 2369 in
573 2321 976 2384 conchyliorum
1018 2336 1143 2368 vero
1189 2329 1344 2384 atque
1384 2319 1462 2366 in-

68 2412 333 2452 sectorum
361 2402 609 2451 classibus
635 2402 895 2450 immensa
923 2399 1322 2466 propemodum
1350 2415 1462 2465 spe-

69 2483 269 2532 cierum
304 2482 592 2532 multitudo
630 2482 880 2538 obstabat,
915 2498 1076 2546 quam
1111 2481 1152 2528 si
1186 2489 1354 2529 totam
1383 2495 1462 2529 re-

70 2563 240 2630 cipere
276 2563 580 2620 voluissem,
615 2579 682 2612 ne
717 2562 827 2611 aliis
860 2562 1019 2611 rebus
1043 2561 1269 2627 spatium
1296 2560 1463 2609 detra-
