1747 2826
298 72 382 117 196

454 177 635 220 Mensura
662 175 912 215 desideratur.

458 247 492 290 E
525 246 758 287 collectione
792 243 829 282 J.
858 242 903 282 E.
933 242 1053 295 Gray.
1099 267 1144 273 —
1211 243 1309 282 Hah.
1343 244 1385 282 in
1420 243 1549 283 fluviis
1581 242 1693 282 Para-

351 329 513 370 guayae.

458 381 729 433 Proccedings.
758 380 873 420 1834.
900 394 938 433 p.
967 381 1031 420 58.

363 527 461 574 24.
520 520 974 566 ALASMODONTA
1004 521 1104 577 Say.
1144 520 1447 575 (alasmidonta
1476 519 1642 573 Rafin.)

310 639 350 686 1.
416 630 885 682 Alasmodonta
920 629 1167 679 radiata
1207 632 1265 678 T.
1298 631 1371 677 A.
1410 629 1636 679 Com-acl.

464 713 529 753 Al.
556 717 656 751 ’testa
684 716 819 760 ova-ta,
853 712 1091 761 ventricosa‚
1125 712 1318 764 posterius
1345 712 1553 764 producta⁷
1587 723 1703 762 angu-

360 787 480 829 stat-‘213
507 781 662 820 natibus
688 780 1017 833 prominentibus,
1046 781 1189 829 acutis,
1216 781 1431 828 undulatisg
1465 778 1705 833 epidermide

360 851 490 891 lucide
516 851 710 898 olivacea‚
743 849 903 888 obscure
929 849 1245 898 viridi-radiata3
1280 850 1384 888 intus
1412 849 1707 902 margaritaceo*

361 933 483 960 cerea.
527 941 581 949 ·--
636 920 708 956 Th.
735 919 799 957 M.

465 988 588 1040 Long.
615 989 668 1038 2ss
692 988 788 1040 poll.

466 1055 618 1096 Dentes
654 1055 869 1095 cardinales
902 1055 1042 1094 valvae
1076 1055 1237 1094 dextrae
1270 1055 1461 1108 elongati⁷
1499 1067 1521 1092 a
1554 1051 1708 1092 natibus

361 1127 522 1176 remoti,
549 1125 688 1164 valvae
715 1125 891 1164 sinistrae
920 1125 1111 1177 elongati,
1138 1124 1207 1162 sub
1235 1125 1329 1177 ipsis
1356 1123 1511 1163 natibus
1538 1124 1615 1161 siti.

468 1194 502 1233 E
537 1194 770 1233 collectione
804 1193 909 1232 acad.
945 1207 997 1232 sc.
1031 1198 1111 1232 nat.
1139 1192 1384 1246 Philadelph.
1429 1215 1483 1222 —-
1541 1191 1639 1230 Hab.
1667 1192 1710 1230 in

361 1265 493 1304 fluviis
518 1262 731 1302 Alabamae
757 1262 948 1301 australis.

468 1332 651 1370 Silliman
668 1330 879 1371 American
901 1329 1066 1384 journal.
1095 1329 1184 1370 Vol.
1202 1329 1336 1369 XXV.
1363 1344 1401 1382 p.
1421 1330 1512 1368 341.
1539 1333 1579 1368 et
1605 1328 1658 1383 pl.
1677 1328 1708 1366 I.

361 1401 427 1453 fig.
455 1401 518 1440 10.

776 1524 872 1571 ¹25.
936 1523 1087 1565 UNIO
1125 1523 1245 1565 Rth.

339 1634 466 1670 Nota.
504 1630 543 1668 In
568 1636 662 1667 tanta
685 1643 854 1668 novorum
877 1632 1043 1669 unionum
1068 1630 1289 1668 multitudine
1312 1629 1402 1667 haud
1428 1630 1594 1667 absonum
1618 1631 1714 1668 vide-

502 1700 571 1739 tur,
592 1695 826 1731 recentiorem
842 1694 1045 1732 Kauana-i
1071 1695 1350 1731 observationem
1367 1696 1486 1744 paucis
1502 1695 1712 1732 meminisse.

502 1756 537 1794 Is
563 1757 654 1793 enim
682 1756 714 1794 J.
734 1757 919 1794 Benedicti
936 1757 1084 1794 Prevost
1108 1757 1152 1794 de
1178 1771 1263 1793 sexu
1286 1758 1451 1793 unionum
1475 1765 1636 1807 separato
1660 1772 1716 1795 re-

503 1826 604 1871 perta
636 1819 750 1856 denuo
782 1821 1008 1866 confirmans,
1039 1822 1075 1856 in
1104 1819 1280 1857 nonnullis
1303 1820 1484 1857 Amerieae
1508 1822 1716 1870 septentrio-

504 1882 592 1919 nalis
617 1883 802 1920 unionibus
827 1890 957 1920 certam
981 1890 1093 1920 testae
1119 1883 1347 1920 differentiam
1373 1883 1583 1928 observavit,
1612 1898 1716 1933 quam

505 1944 588 1982 licet
612 1944 764 1995 alioquin
787 1960 852 1996 pro
879 1947 1043 1995 specifica
1069 1953 1216 1983 sumtam
1242 1960 1261 1982 e
1285 1960 1388 1983 sexus
1414 1946 1612 1983 diversitate
1630 1960 1716 1997 pen-

504 2007 591 2044 dere
616 2015 744 2044 censet.
795 2008 1010 2058 Specimina,
1038 2023 1124 2058 quae
1150 2011 1276 2046 ovariis
1303 2007 1435 2058 repleta
1455 2010 1601 2054 invenit,
1627 2024 1716 2047 mar-

504 2071 621 2119 ginem
646 2070 820 2107 dorsalem
846 2074 1079 2121 posteriorem
1104 2086 1146 2108 ex
1163 2073 1270 2108 ovarii
1286 2073 1355 2108 situ
1371 2074 1478 2120 magis
1496 2072 1715 2122 productum,

506 2134 760 2177 ventricosum,
787 2147 827 2169 ac
851 2135 1084 2185 posteriorem
1108 2135 1311 2185 plerumque
1334 2141 1530 2171 truncatum
1553 2136 1716 2174 ostende-

506 2199 601 2234 bant.
630 2210 716 2246 quae
740 2209 824 2233 vero
850 2198 976 2233 ovariis
1001 2199 1150 2234 carentia
1174 2211 1240 2248 pro
1264 2197 1416 2233 maribus
1432 2196 1565 2243 habuit,
1591 2205 1716 2236 testam

508 2261 619 2308 magis
651 2266 899 2304 transversam,
931 2262 1043 2297 minus
1067 2262 1313 2303 ventricosam,
1344 2262 1496 2308 margine
1520 2263 1655 2311 postico
1680 2269 1717 2298 et

507 2321 619 2360 basali
656 2324 765 2372 magis
801 2336 1004 2372 compresso
1035 2325 1243 2374 postieoque
1271 2323 1461 2374 producto,
1499 2323 1714 2362 exhibebant.

508 2384 565 2430 (J.
591 2385 632 2422 Β.
659 2385 839 2422 Kirtland:
871 2386 1111 2424 observations
1136 2400 1180 2423 on
1204 2386 1263 2422 the
1288 2386 1416 2423 Sexual
1442 2386 1651 2424 Characters
1681 2388 1721 2424 of

507 2447 567 2483 the
592 2447 748 2484 Animals
772 2448 957 2498 belonging
980 2455 1017 2484 to
1042 2449 1239 2486 Lamarck's
1264 2448 1380 2499 family
1405 2449 1446 2485 of
1459 2449 1616 2498 Najades.
1657 2449 1714 2487 In:

510 2509 686 2555 SiUiman,
712 2511 895 2548 American
918 2511 1060 2559 journal.
1092 2511 1169 2549 Vol.
1187 2512 1317 2551 XXVI.
1343 2526 1377 2562 p.
1397 2514 1475 2549 117.
1508 2527 1584 2549 cum
1613 2514 1714 2549 icone

504 2571 585 2622 lign.
629 2595 672 2602 ·—
721 2572 848 2611 Versio
874 2573 991 2611 Germ.
1023 2576 1181 2625 proxime
1211 2577 1246 2612 in
1279 2576 1394 2613 lucem
1424 2575 1577 2625 prodibit
1609 2577 1646 2612 in
1671 2575 1711 2613 cl.

484 2634 714 2685 JWiegmann
739 2638 854 2682 erdfiu
878 2635 936 2684 fiir
961 2638 1251 2686 fflaturgefcbt'dyte.
1275 2640 1403 2687 Subrg.
1421 2638 1461 2675 Π.
1488 2639 1558 2679 ξὸῠ.
1576 2636 1627 2684 Ι.)
