1747 2826
634 144 686 188 V.
745 144 971 189 NANINA
1000 141 1045 185 J.
1076 140 1130 187 E.
1166 139 1303 202 Gray.

421 255 595 295 Animal:
630 255 771 294 collare
805 256 997 307 amplum,
1041 254 1131 293 lobo
1175 255 1313 292 dextro
1356 254 1505 301 antico,
1548 255 1659 290 antro

317 325 583 377 respirationis
611 324 652 360 in
678 324 764 361 sinu
790 324 939 375 posito,
965 322 1056 361 lobo
1085 323 1240 362 sinistro
1268 322 1439 375 postico7
1467 321 1567 368 lato,
1595 334 1659 358 ex-

318 407 457 446 panso⁷
498 396 650 445 partem
682 391 905 430 inferiorem
937 395 1061 430 testae
1096 390 1288 430 anfractus
1322 390 1452 428 ultimi
1486 393 1656 441 tegente.

318 461 392 500 Pes
418 461 566 513 postice
594 464 807 507 truncatus,
844 473 1025 512 processu
1052 459 1161 498 brevi
1189 459 1325 497 conico
1361 458 1515 506 dorsali⁷
1545 469 1659 509 supra

319 534 583 568 truncaturam
602 528 689 566 sito.
717 542 773 557 -—*
787 527 920 566 Testa:
949 528 1138 580 depressa„
1158 527 1363 580 perforata,
1381 526 1525 579 polita3
1553 538 1660 577 aper-

319 603 405 636 tura
433 598 583 645 lunata7
610 597 861 648 peristomate
888 597 1017 644 tenui⁷
1046 596 1250 645 edentulo,
1285 599 1392 633 costa
1418 594 1570 632 interna
1596 592 1661 631 vel

318 666 425 705 nulla
452 665 517 704 vel
544 664 728 703 obsoleta.

421 733 607 772 Ferussac
633 733 779 786 species
807 733 884 771 huc
909 733 1150 785 pertinentes
1178 731 1227 769 ad
1253 731 1420 770 helicem
1446 729 1490 768 L.
1520 728 1660 768 retule-

319 807 398 851 rat⁷
434 801 555 853 Quoy
590 801 639 839 ad
666 802 850 840 viti-inam
878 801 998 855 Drap.
1040 825 1090 832 —-
1131 800 1285 848 Indiae,
1320 798 1468 837 Chinae
1504 803 1577 837 etc.
1604 799 1661 836 in-

321 871 440 909 colae.

424 938 578 976 Nomen
604 937 708 976 haud
735 938 981 976 retinendum
1008 943 1085 988 est7
1121 951 1210 976 cum
1237 936 1285 976 A.
1313 935 1426 975 Risso
1454 936 1532 988 jam
1560 934 1663 974 1826

321 1008 362 1045 in
389 1006 654 1045 turbinearum
679 1005 825 1045 familia
852 1020 991 1058 genus,
1019 1006 1095 1045 hoc
1121 1006 1278 1044 nomine
1305 1005 1546 1058 insignitum,
1573 1017 1662 1043 con·

321 1075 503 1114 stituerit.

425 1143 696 1195 Proceedings.
727 1144 841 1182 1834.
868 1157 906 1193 p.
935 1142 998 1181 58.

424 1210 556 1250 Serius
585 1212 724 1249 deinde
751 1211 819 1248 W.
848 1210 897 1248 H.
926 1210 1081 1248 Benson
1109 1210 1259 1262 generis
1286 1223 1308 1248 a
1336 1209 1443 1261 Gray
1469 1210 1547 1262 jam
1575 1221 1663 1246 con-

321 1280 450 1319 stituti
477 1280 632 1331 ignarus
659 1279 762 1318 idem
789 1279 865 1317 hoc
892 1293 1011 1331 genus
1038 1279 1180 1316 iterum
1207 1280 1463 1317 constitutum
1485 1277 1661 1315 societati

323 1347 514 1387 exhibuit.
556 1348 677 1387 Aliud
704 1352 744 1385 ct
769 1361 916 1386 novum
943 1347 1025 1399 ejus
1053 1360 1207 1394 nomen7
1235 1347 1521 1398 tanychlamys,
1551 1345 1663 1396 (alias

323 1430 460 1470 parum
478 1416 628 1454 utiliter
653 1417 771 1454 etiam
797 1414 1108 1467 promulgatum)
1138 1416 1234 1467 jam,
1277 1428 1365 1453 cum
1390 1415 1490 1452 illud
1513 1414 1663 1465 Gray-i

321 1495 465 1524 nomen
492 1485 651 1523 retineri
677 1488 863 1536 nequeat,
890 1483 1157 1536 recipiendum
1184 1483 1327 1522 evadit.
1357 1505 1407 1512 -—·
1442 1482 1663 1530 Chai-aeter,

323 1567 439 1605 quem
465 1552 621 1591 Benson
648 1552 844 1601 exhibuit,
872 1551 938 1589 hic
966 1556 1041 1589 est:

427 1621 542 1660 Testa
569 1619 841 1667 helicisormis,
869 1619 1113 1666 umbilieata3
1149 1619 1398 1671 periti-emate
1425 1623 1556 1667 acuto⁷
1584 1632 1664 1657 non

323 1691 481 1729 reflexo.
508 1710 561 1717 —-
589 1687 747 1726 Animal
774 1688 852 1726 cito
880 1701 1029 1740 repens.
1085 1687 1234 1739 Corpus
1261 1687 1531 1736 reticulosum,
1559 1686 1663 1725 elon-

324 1764 467 1812 gatum.
497 1757 664 1795 Pallium
683 1756 875 1808 amplum,
903 1756 1092 1794 foramine
1120 1757 1317 1793 communi
1337 1768 1476 1808 magno
1496 1754 1663 1806 perfora-

324 1832 427 1875 tum,
462 1826 669 1877 peritrema
698 1825 942 1876 amplexans3
977 1823 1230 1876 processubus
1265 1823 1412 1862 duobus
1446 1828 1664 1861 transverse

323 1894 473 1946 rugosis
500 1893 629 1945 (quasi
648 1892 880 1942 articulatis)
910 1893 1016 1930 omni
1043 1892 1164 1930 latere
1192 1891 1399 1931 mobilibus
1418 1892 1663 1938 instructum,

324 1963 447 2001 altero
475 1975 596 2013 prope
622 1965 746 1999 testae
772 1965 974 2013 aperturae
994 1960 1177 2013 angulum
1195 1960 1433 2012 superiorem
1451 1948 1664 2007 exoriente,

325 2031 447 2069 altero
475 2029 578 2081 apud
603 2029 864 2081 peripheriam
890 2033 1025 2067 testae,
1067 2027 1121 2067 Os
1141 2029 1314 2066 anticum
1340 2029 1442 2066 inter
1468 2027 1665 2080 tentacula

325 2099 509 2137 inferiora
542 2097 672 2144 hians;
708 2097 810 2135 labia
842 2097 1177 2149 radiato-plicata.
1232 2096 1441 2135 Tentacula
1468 2097 1665 2149 superiora

325 2168 522 2219 elongata,
556 2170 743 2218 punctum
770 2166 987 2218 percipiens
1014 2170 1166 2204 tumore
1194 2165 1360 2217 oblongo
1388 2165 1505 2203 situm
1532 2178 1664 2217 geren-

324 2236 393 2274 tia.
447 2233 562 2273 Penis
597 2235 865 2286 praegrandis3
901 2238 1055 2272 antrum
1092 2234 1254 2272 cervicis
1288 2233 1509 2284 elongatum
1542 2233 1663 2271 latere

327 2304 465 2342 dextro
500 2306 541 2341 et
573 2316 695 2354 prope
731 2303 925 2340 tentacula
958 2303 1089 2342 situm.
1143 2301 1258 2340 Solea
1285 2300 1527 2353 complanata
1553 2301 1663 2353 pedis

326 2371 448 2409 latera
471 2383 650 2421 aequans.
693 2371 823 2410 Cauda
845 2370 1095 2418 tentaculata;
1122 2369 1362 2408 tentaculum
1382 2369 1663 2418 subretracffle,

327 2439 508 2492 glandula
534 2439 584 2477 ad
608 2439 716 2478 basin
742 2440 871 2492 posita
897 2438 1101 2478 humorem
1127 2439 1319 2477 viscidum
1346 2437 1529 2489 (animale
1547 2441 1662 2476 attre-

328 2508 456 2558 ctato)
485 2508 710 2546 exsudante.

431 2575 562 2614 Genus
595 2575 869 2615 intermedium
902 2588 985 2615 esse
1016 2575 1119 2615 inter
1152 2587 1292 2626 genera
1319 2579 1502 2626 stenopus
1531 2571 1660 2611 Guild.
