1747 2769
309 468 788 528 Praefamen
850 468 1225 527 auctoris,

68 714 210 783 Jussu
251 744 292 778 et
330 738 523 793 auspiciis
554 735 817 779 illustrissimi
847 737 1157 792 praeceptoris,
1196 735 1304 792 prof.
1335 735 1387 778 A.
1417 736 1468 778 F.

69 811 119 852 A.
151 812 409 867 Wiegmann
449 812 531 853 hoc
562 811 614 852 ad
647 813 735 867 ejus
769 809 940 852 annales
980 809 1147 863 (erclflv
1177 808 1245 863 fta*
1275 811 1470 865 matut'sse:

70 884 229 939 sebtdyte.
258 885 405 940 ῗςαβτς.
428 887 456 927 Ι.
491 886 677 939 (1834.)
709 885 761 930 ³23.
786 887 816 925 1.
848 883 999 930 merlin.
1022 885 1148 926 1835.
1179 886 1219 927 8.
1256 884 1470 938 ῗςαβτεὲὓα

69 959 174 1014 ricbt.
205 975 246 1016 p.
268 962 397 1012 307.)
429 960 766 1017 supplementum
798 959 1099 1001 elaborandum
1130 961 1308 1015 suscepi.

185 1037 332 1090 Itaque
364 1036 457 1076 heic
489 1037 639 1090 accipis
662 1035 708 1076 L.
731 1035 779 1075 B.
811 1036 974 1090 species
1006 1033 1144 1074 multis
1176 1032 1281 1075 locis
1313 1034 1471 1090 disper-

68 1123 134 1150 sas
172 1110 253 1164 jam
292 1112 352 1152 tui
392 1109 601 1151 commodi
640 1111 768 1164 gratia
800 1111 841 1149 in
875 1123 1001 1149 unum
1033 1107 1234 1149 volumen
1264 1109 1469 1151 redactas.

69 1183 287 1239 Ejusmodi
329 1192 600 1239 conspectum
641 1183 946 1223 accuratissima
977 1181 1064 1222 fide
1095 1181 1285 1237 indigere
1316 1185 1470 1238 putavi,

71 1264 112 1298 et
152 1273 200 1298 ea
240 1257 480 1298 destitutum
522 1255 734 1297 commodi
772 1255 871 1297 loco
915 1255 1038 1296 facile
1079 1257 1390 1299 incommodum
1423 1273 1472 1299 ac

70 1330 360 1372 detrimentum
393 1330 612 1387 praebere.
660 1356 713 1363 —
765 1331 861 1371 Hoc
892 1331 946 1371 sis
978 1329 1126 1371 libello
1159 1330 1281 1372 simul
1313 1332 1366 1374 ad
1391 1340 1473 1374 sta-

68 1405 296 1447 biliendam
328 1409 541 1448 nominum
572 1407 831 1462 prioritatem
863 1404 1059 1461 symbola
1090 1407 1231 1447 utaris.

185 1481 358 1536 Species
397 1483 441 1523 in
479 1480 619 1522 diariis
659 1480 760 1532 „the
791 1479 1073 1536 proceedings
1108 1480 1157 1522 of
1184 1481 1253 1523 the
1283 1480 1473 1537 zoologi-

71 1554 136 1596 cal
175 1557 341 1611 society
382 1555 428 1597 of
456 1555 673 1597 London“
714 1554 917 1596 exhibitas
952 1554 1052 1596 idco
1086 1554 1137 1596 ab
1169 1557 1288 1597 initio
1319 1557 1472 1612 recepi,

71 1629 187 1685 quod
225 1629 359 1671 libelli
398 1644 602 1672 novarum
641 1644 778 1671 rerum
819 1629 1010 1670 ditissimi
1044 1631 1111 1670 vix
1142 1632 1184 1671 in
1216 1629 1471 1686 bibliopolio

72 1711 243 1754 exstant,
276 1711 317 1745 et
339 1706 434 1759 quia
457 1703 660 1759 plurimae
683 1718 854 1759 quoque
876 1705 1109 1759 specierum
1135 1706 1178 1745 in
1200 1704 1472 1760 Deshayes-i

71 1793 183 1820 nova
224 1780 363 1833 operis
403 1777 724 1819 Lamarck-iani
764 1777 951 1819 editione
993 1780 1170 1819 omissae
1209 1786 1319 1820 sunt.
1385 1779 1473 1821 Illis

72 1867 225 1894 annum
256 1867 421 1908 semper
452 1852 642 1908 adposui,
675 1860 841 1893 caetera
871 1859 1021 1892 cuncta
1054 1853 1152 1892 anni
1177 1836 1290 1894 1834
1320 1862 1431 1895 sunt.

189 1928 364 1968 Restant
395 1928 557 1968 interim
588 1928 711 1982 pauci
742 1925 857 1976 libri,
889 1940 996 1981 quos
1028 1924 1252 1967 consulere
1284 1928 1472 1970 nondum

72 2001 187 2043 licuit
218 2003 280 2053 (V.
305 2001 419 2057 Opp.
441 2004 526 2043 citt.
547 2017 587 2057 p.
609 2002 750 2052 243).
783 2015 928 2042 eorum
952 2014 1076 2051 nova,
1107 2000 1279 2056 quando
1306 2003 1351 2043 in
1376 2017 1474 2058 pro-

72 2079 182 2119 ximo
212 2075 425 2117 volumine
457 2075 510 2116 de
532 2089 643 2116 anno
669 2076 780 2117 1835
804 2075 1000 2126 referam,
1031 2074 1257 2130 supplebo.
1307 2076 1357 2118 Id
1381 2091 1474 2117 cum

75 2167 124 2193 ea
164 2157 458 2192 contentarum
498 2152 549 2192 sit
595 2165 703 2206 quae
749 2165 862 2193 nova
900 2152 941 2191 in
981 2149 1112 2191 altera
1152 2150 1474 2192 Lamarck-iani

76 2227 216 2281 operis
258 2225 442 2267 editione
473 2232 758 2276 accesserunt,
800 2225 898 2276 hae,
937 2227 1008 2281 qui
1039 2227 1211 2281 primam
1244 2224 1475 2279 possident,

75 2302 141 2341 vix
173 2299 365 2355 egebunt.

193 2375 262 2414 De
301 2374 498 2429 dignitate
538 2388 745 2415 novorum
787 2388 984 2429 generum
1016 2376 1335 2429 specierumque
1367 2375 1476 2414 criti-

77 2463 169 2489 cum
207 2447 405 2503 judicium
447 2448 589 2503 adjici,
628 2448 669 2489 id
701 2448 936 2490 desiderata
967 2448 1217 2504 plerumque
1248 2450 1475 2503 specimina

77 2521 288 2564 vetabant.
356 2521 516 2564 Eadem
558 2524 722 2564 ratione
762 2522 904 2578 plures
938 2523 1079 2563 forsan
1112 2522 1333 2578 diagnoses
1363 2525 1476 2578 justo

78 2595 291 2653 longiores
323 2611 514 2639 evasere:
547 2598 718 2639 omnino
752 2604 888 2639 autem
913 2599 1234 2640 constitutorum
1258 2596 1352 2648 suit,
1383 2612 1476 2653 spe-
