1747 2769
258 50 313 83 VI

259 148 402 193 ciebus
440 147 676 191 constitutis
707 145 889 204 adjicere
919 143 1142 202 diagnoses
1174 159 1329 203 easque
1359 145 1471 188 haud
1501 145 1649 189 dubias

256 227 285 267 i.
317 239 354 267 e.
383 224 572 265 Latinas!

373 298 617 355 Specierum
647 294 868 350 diagnoses
898 297 941 336 in
972 308 1224 350 quacunque
1246 301 1288 336 et
1311 293 1490 336 barbara
1510 294 1650 351 lingua

257 375 432 430 scriptas
468 372 693 414 Latinitate
734 369 900 410 donavi.
966 368 1056 409 Ubi
1086 371 1384 410 constitutores
1414 385 1548 411 meras
1580 369 1651 411 ‹le-

255 449 525 503 scriptiones,
556 457 858 498 nonnunquam
889 441 1092 484 obscuras
1122 458 1172 484 ac
1204 444 1419 496 confusas,
1459 443 1651 500 ambigua

256 520 482 563 vernacula
512 534 585 561 sua
617 518 851 569 confectas,
880 531 1127 573 porrexere,
1157 517 1216 559 ibi
1248 518 1469 575 diagnoses
1501 519 1650 560 exinde

257 596 495 652 composui,
536 593 664 648 idque
695 607 773 634 suo
809 592 909 634 loco
944 607 1111 649 semper
1145 592 1356 639 adnotavi,
1396 593 1510 636 aliud
1543 596 1649 635 enim

258 678 339 721 est,
371 670 591 726 diagnosiu
624 683 672 710 ex
702 669 932 723 specimine
963 681 1126 718 creare,
1156 666 1290 719 aliud,
1322 683 1371 709 ex
1392 676 1559 710 narrata
1581 667 1651 709 de·-

256 747 497 801 scriptione.
537 767 595 774 —
646 741 848 784 Animalis
868 743 999 797 ipsius
1021 742 1282 784 characteres
1306 742 1546 798 specificos,
1578 742 1652 784 ubi

257 819 343 861 dati
373 824 478 869 sunt,
508 831 673 874 semper
702 818 746 859 in
777 816 1061 872 descriptione
1092 816 1313 869 collocavi,
1341 831 1396 859 ne
1427 817 1651 873 diagnoses

255 896 390 935 minus
423 892 661 934 conformes
694 890 887 933 evadant.

372 967 711 1010 Constitutiones
732 979 930 1021 generum
953 972 993 1007 et
1008 966 1241 1021 specierum
1257 966 1523 1008 nominumve
1539 965 1651 1007 haud

256 1041 308 1084 ad
347 1044 450 1083 istos
486 1054 619 1082 annos
651 1039 893 1081 referendas
926 1054 1037 1090 esse,
1075 1041 1120 1081 in
1151 1040 1303 1095 quibus
1333 1043 1559 1097 specimina
1588 1055 1652 1082 re-

254 1124 374 1173 perta
403 1117 504 1167 sint,
536 1122 606 1173 aut
635 1116 678 1156 in
710 1113 860 1169 quibus
893 1121 1087 1156 auctores
1113 1113 1400 1157 laboraverint
1423 1122 1463 1157 et
1483 1117 1652 1157 nomina

258 1191 601 1247 excogitaverint,
642 1195 712 1230 aut
743 1187 1015 1229 societatibus
1046 1188 1347 1245 praelegerint,
1385 1189 1455 1230 vel
1487 1189 1652 1231 deinum

255 1267 427 1308 nomina
456 1279 529 1306 sua
551 1262 844 1320 speciminibus
867 1262 1181 1318 adscripserint,
1213 1263 1288 1304 sed
1312 1255 1483 1305 ad'illos
1506 1278 1651 1315 annos,

255 1342 299 1382 in
323 1339 473 1397 quibus
494 1337 652 1394 publici
672 1339 772 1393 juris
793 1337 930 1379 factae
951 1345 1058 1389 sunt,
1087 1337 1142 1390 id,
1174 1344 1290 1394 puto,
1317 1345 1433 1394 patet
1455 1354 1532 1394 per
1553 1354 1611 1380 sc.

372 1415 545 1471 Species
589 1427 677 1454 non
714 1426 888 1468 prorsus
927 1426 1087 1461 novae,
1132 1419 1281 1467 utpote
1323 1412 1472 1468 quibus
1511 1428 1651 1455 novae

255 1497 414 1532 tantum
443 1489 665 1530 varietates
697 1501 932 1538 accessere,
963 1487 1033 1528 vel
1062 1489 1238 1542 primum
1261 1490 1429 1529 nomina
1449 1495 1652 1543 systema-

256 1567 357 1615 tica,
392 1562 463 1605 vel
493 1565 662 1604 nomina
691 1576 805 1604 nova
835 1575 951 1603 novo
984 1563 1125 1617 generi
1156 1561 1370 1617 adaptata,
1403 1577 1477 1603 eae
1508 1576 1652 1603 nume-

255 1640 312 1680 ris
352 1643 508 1678 carent.
578 1637 648 1678 Sic
688 1643 729 1677 et
763 1637 884 1677 novis
915 1634 1051 1677 solum
1083 1635 1305 1691 generibus
1335 1650 1534 1678 numeros
1564 1638 1651 1678 Ro-

255 1727 401 1755 manos
433 1704 670 1767 anteposui,
702 1712 853 1751 ceteris
883 1709 1104 1751 Arabicos.

374 1787 533 1829 Seriem
553 1783 786 1826 naturalem
809 1783 914 1839 elegi
934 1784 1251 1827 Menke-anam
1273 1785 1350 1837 (C.
1375 1785 1453 1826 Th.
1471 1784 1650 1827 Menke:

256 1876 429 1918 synops.
458 1860 583 1901 meth.
614 1858 915 1899 molluscorum
948 1865 1025 1899 etc.
1081 1859 1311 1913 P-yrmonti.
1345 1860 1470 1900 1828.
1513 1861 1553 1900 S.
1595 1884 1648 1891 --

257 1936 324 1979 ed.
355 1936 403 1977 ΙΙ.
444 1934 500 1976 ib.
534 1933 659 1975 1830.
699 1934 785 1985 8.)‚
825 1934 980 1988 quippe
1020 1947 1128 1988 quae
1159 1932 1354 1975 facillime
1391 1936 1436 1975 in
1467 1935 1650 1975 omnium

255 2009 444 2052 manibus
474 2015 676 2049 versetur.

375 2085 483 2127 Cum
520 2081 644 2138 plura
684 2095 815 2138 opera
844 2084 1033 2137 proxime
1063 2083 1263 2138 temporis
1295 2080 1458 2124 demum
1488 2082 1651 2125 Beroli-

256 2174 354 2202 num
384 2159 672 2214 pervenerint,
713 2156 961 2213 opusculum
992 2158 1122 2199 serius
1154 2172 1276 2213 quam
1309 2157 1553 2214 optabamus
1585 2164 1650 2214 ty-

256 2236 320 2291 pis
349 2232 540 2275 mandari
571 2234 722 2288 potuit.

1233 2289 1344 2333 Vale
1377 2297 1418 2332 et
1447 2291 1561 2333 fave!

309 2365 455 2417 Scripsi
482 2363 657 2403 Berolini
683 2376 734 2402 m.
763 2361 866 2415 Majo
893 2375 927 2400 a.
956 2363 1070 2402 1836.

1240 2449 1340 2484 Th.
1369 2447 1601 2485 Miiller.
