<?xml version="1.0" encoding="UTF-8"?>
<!DOCTYPE html PUBLIC "-//W3C//DTD XHTML 1.0 Transitional//EN"
    "http://www.w3.org/TR/xhtml1/DTD/xhtml1-transitional.dtd">
<html xmlns="http://www.w3.org/1999/xhtml" xml:lang="en" lang="en">
 <head>
  <title>
</title>
<meta http-equiv="Content-Type" content="text/html;charset=utf-8" />
  <meta name='ocr-system' content='tesseract 3.04.00' />
  <meta name='ocr-capabilities' content='ocr_page ocr_carea ocr_par ocr_line ocrx_word'/>
</head>
<body>
  <div class='ocr_page' id='page_1' title='image "./synopsisnovorumg00ml_0010.png"; bbox 0 0 1747 2769; ppageno 0'>
   <div class='ocr_carea' id='block_1_1' title="bbox 250 50 304 85">
    <p class='ocr_par' dir='ltr' id='par_1_1' title="bbox 250 50 304 85">
     <span class='ocr_line' id='line_1_1' title="bbox 250 50 304 85; baseline 0 0"><span class='ocrx_word' id='word_1_1' title='bbox 250 50 304 85; x_wconf 86' lang='lat' dir='ltr'><strong>IV</strong></span> 
     </span>
    </p>
   </div>
   <div class='ocr_carea' id='block_1_2' title="bbox 253 143 1658 2386">
    <p class='ocr_par' dir='ltr' id='par_1_2' title="bbox 253 143 1655 1345">
     <span class='ocr_line' id='line_1_2' title="bbox 253 143 1648 215; baseline -0.004 -16"><span class='ocrx_word' id='word_1_2' title='bbox 253 151 403 199; x_wconf 89' lang='lat' dir='ltr'><strong>heret</strong></span> <span class='ocrx_word' id='word_1_3' title='bbox 446 161 607 213; x_wconf 87' lang='lat' dir='ltr'><strong>quam</strong></span> <span class='ocrx_word' id='word_1_4' title='bbox 651 143 878 215; x_wconf 80' lang='lat' dir='ltr'><strong>maxime</strong></span> <span class='ocrx_word' id='word_1_5' title='bbox 920 143 1272 194; x_wconf 74' lang='lat' dir='ltr'><strong>metuendum</strong></span> <span class='ocrx_word' id='word_1_6' title='bbox 1318 153 1436 194; x_wconf 86' lang='lat' dir='ltr'><strong>erat.</strong></span> <span class='ocrx_word' id='word_1_7' title='bbox 1513 144 1648 193; x_wconf 87' lang='lat' dir='ltr'><strong>Hinc</strong></span> 
     </span>
     <span class='ocr_line' id='line_1_3' title="bbox 256 225 1650 296; baseline -0.004 -18"><span class='ocrx_word' id='word_1_8' title='bbox 256 229 404 296; x_wconf 81' lang='lat' dir='ltr'>quasi</span> <span class='ocrx_word' id='word_1_9' title='bbox 440 226 740 293; x_wconf 88' lang='lat' dir='ltr'><strong>appendicis</strong></span> <span class='ocrx_word' id='word_1_10' title='bbox 774 225 895 274; x_wconf 92' lang='lat' dir='ltr'><strong>loco</strong></span> <span class='ocrx_word' id='word_1_11' title='bbox 931 225 1223 290; x_wconf 83' lang='lat' dir='ltr'><strong>specierum</strong></span> <span class='ocrx_word' id='word_1_12' title='bbox 1249 225 1482 289; x_wconf 90' lang='lat' dir='ltr'><strong>syllogen</strong></span> <span class='ocrx_word' id='word_1_13' title='bbox 1507 241 1650 274; x_wconf 88' lang='lat' dir='ltr'><strong>seor-</strong></span> 
     </span>
     <span class='ocr_line' id='line_1_4' title="bbox 256 305 1648 373; baseline -0.004 -14"><span class='ocrx_word' id='word_1_14' title='bbox 256 312 356 360; x_wconf 88' lang='lat' dir='ltr'><strong>sim</strong></span> <span class='ocrx_word' id='word_1_15' title='bbox 402 308 558 358; x_wconf 89' lang='lat' dir='ltr'><strong>edere</strong></span> <span class='ocrx_word' id='word_1_16' title='bbox 602 307 744 373; x_wconf 89' lang='lat' dir='ltr'><strong>apud</strong></span> <span class='ocrx_word' id='word_1_17' title='bbox 789 305 1029 355; x_wconf 88' lang='lat' dir='ltr'><strong>animum</strong></span> <span class='ocrx_word' id='word_1_18' title='bbox 1072 306 1340 363; x_wconf 88' lang='lat' dir='ltr'><strong>constitui;</strong></span> <span class='ocrx_word' id='word_1_19' title='bbox 1388 306 1553 371; x_wconf 90' lang='lat' dir='ltr'><strong>idque</strong></span> <span class='ocrx_word' id='word_1_20' title='bbox 1591 307 1648 354; x_wconf 90' lang='lat' dir='ltr'><strong>in</strong></span> 
     </span>
     <span class='ocr_line' id='line_1_5' title="bbox 257 387 1649 453; baseline -0.004 -13"><span class='ocrx_word' id='word_1_21' title='bbox 257 389 545 453; x_wconf 82' lang='lat' dir='ltr'>conchyliis</span> <span class='ocrx_word' id='word_1_22' title='bbox 580 405 643 437; x_wconf 92' lang='lat' dir='ltr'><strong>eo</strong></span> <span class='ocrx_word' id='word_1_23' title='bbox 678 387 844 450; x_wconf 86' lang='lat' dir='ltr'><strong>magis</strong></span> <span class='ocrx_word' id='word_1_24' title='bbox 878 389 1229 437; x_wconf 87' lang='lat' dir='ltr'><strong>necessarium</strong></span> <span class='ocrx_word' id='word_1_25' title='bbox 1267 403 1376 436; x_wconf 87' lang='lat' dir='ltr'><strong>esse</strong></span> <span class='ocrx_word' id='word_1_26' title='bbox 1409 387 1649 444; x_wconf 83' lang='lat' dir='ltr'><strong>intellexi,</strong></span> 
     </span>
     <span class='ocr_line' id='line_1_6' title="bbox 257 468 1651 538; baseline -0.004 -17"><span class='ocrx_word' id='word_1_27' title='bbox 257 488 427 538; x_wconf 86' lang='lat' dir='ltr'><strong>quum</strong></span> <span class='ocrx_word' id='word_1_28' title='bbox 476 469 762 535; x_wconf 88' lang='lat' dir='ltr'><strong>permultas</strong></span> <span class='ocrx_word' id='word_1_29' title='bbox 812 468 1029 533; x_wconf 88' lang='lat' dir='ltr'><strong>species,</strong></span> <span class='ocrx_word' id='word_1_30' title='bbox 1079 468 1358 518; x_wconf 84' lang='lat' dir='ltr'><strong>recentiori</strong></span> <span class='ocrx_word' id='word_1_31' title='bbox 1408 477 1651 533; x_wconf 89' lang='lat' dir='ltr'><strong>tempore</strong></span> 
     </span>
     <span class='ocr_line' id='line_1_7' title="bbox 255 548 1650 620; baseline -0.004 -19"><span class='ocrx_word' id='word_1_32' title='bbox 255 551 635 620; x_wconf 72' lang='lat' dir='ltr'><strong>p1·omulgataS‚</strong></span> <span class='ocrx_word' id='word_1_33' title='bbox 687 549 742 597; x_wconf 87' lang='lat' dir='ltr'><strong>in</strong></span> <span class='ocrx_word' id='word_1_34' title='bbox 795 550 1024 599; x_wconf 86' lang='lat' dir='ltr'><strong>secunda</strong></span> <span class='ocrx_word' id='word_1_35' title='bbox 1066 548 1423 599; x_wconf 86' lang='lat' dir='ltr'><strong>Lamarckiani</strong></span> <span class='ocrx_word' id='word_1_36' title='bbox 1477 549 1650 614; x_wconf 83' lang='lat' dir='ltr'><strong>operis</strong></span> 
     </span>
     <span class='ocr_line' id='line_1_8' title="bbox 258 629 1652 696; baseline -0.005 -13"><span class='ocrx_word' id='word_1_37' title='bbox 258 634 490 683; x_wconf 82' lang='lat' dir='ltr'><strong>editione</strong></span> <span class='ocrx_word' id='word_1_38' title='bbox 525 630 715 679; x_wconf 88' lang='lat' dir='ltr'><strong>frustra</strong></span> <span class='ocrx_word' id='word_1_39' title='bbox 751 631 1111 696; x_wconf 78' lang='lat' dir='ltr'><strong>quaesiverim.</strong></span> <span class='ocrx_word' id='word_1_40' title='bbox 1184 632 1368 695; x_wconf 88' lang='lat' dir='ltr'><strong>Itaque</strong></span> <span class='ocrx_word' id='word_1_41' title='bbox 1405 629 1652 678; x_wconf 90' lang='lat' dir='ltr'><strong>amicissi-</strong></span> 
     </span>
     <span class='ocr_line' id='line_1_9' title="bbox 254 711 1650 768; baseline -0.003 -5"><span class='ocrx_word' id='word_1_42' title='bbox 254 731 407 763; x_wconf 89' lang='lat' dir='ltr'><strong>mum</strong></span> <span class='ocrx_word' id='word_1_43' title='bbox 445 712 775 768; x_wconf 68' lang='lat' dir='ltr'><strong>Th.Mt·1lle1-,</strong></span> <span class='ocrx_word' id='word_1_44' title='bbox 812 721 1089 760; x_wconf 88' lang='lat' dir='ltr'><strong>strenuum</strong></span> <span class='ocrx_word' id='word_1_45' title='bbox 1126 711 1368 760; x_wconf 82' lang='lat' dir='ltr'><strong>scientiae</strong></span> <span class='ocrx_word' id='word_1_46' title='bbox 1402 711 1650 759; x_wconf 86' lang='lat' dir='ltr'><strong>naturalis</strong></span> 
     </span>
     <span class='ocr_line' id='line_1_10' title="bbox 257 790 1651 855; baseline -0.004 -12"><span class='ocrx_word' id='word_1_47' title='bbox 257 794 536 849; x_wconf 84' lang='lat' dir='ltr'><strong>cultorem,</strong></span> <span class='ocrx_word' id='word_1_48' title='bbox 589 791 736 855; x_wconf 85' lang='lat' dir='ltr'><strong>cujus</strong></span> <span class='ocrx_word' id='word_1_49' title='bbox 785 802 834 841; x_wconf 90' lang='lat' dir='ltr'><strong>et</strong></span> <span class='ocrx_word' id='word_1_50' title='bbox 885 792 1181 841; x_wconf 81' lang='lat' dir='ltr'><strong>doctrinam</strong></span> <span class='ocrx_word' id='word_1_51' title='bbox 1235 801 1285 840; x_wconf 93' lang='lat' dir='ltr'><strong>et</strong></span> <span class='ocrx_word' id='word_1_52' title='bbox 1333 790 1651 854; x_wconf 85' lang='lat' dir='ltr'><strong>singularem</strong></span> 
     </span>
     <span class='ocr_line' id='line_1_11' title="bbox 254 865 1651 937; baseline -0.003 -14"><span class='ocrx_word' id='word_1_53' title='bbox 254 874 564 937; x_wconf 87' lang='lat' dir='ltr'><strong>hujusmodi</strong></span> <span class='ocrx_word' id='word_1_54' title='bbox 613 890 795 922; x_wconf 87' lang='lat' dir='ltr'><strong>rerum</strong></span> <span class='ocrx_word' id='word_1_55' title='bbox 843 873 1231 923; x_wconf 85' lang='lat' dir='ltr'><strong>accurationem</strong></span> <span class='ocrx_word' id='word_1_56' title='bbox 1278 865 1651 935; x_wconf 85' lang='lat' dir='ltr'><strong>cognoveram,</strong></span> 
     </span>
     <span class='ocr_line' id='line_1_12' title="bbox 255 952 1654 1017; baseline -0.004 -13"><span class='ocrx_word' id='word_1_57' title='bbox 255 956 561 1004; x_wconf 87' lang='lat' dir='ltr'><strong>adhortatus</strong></span> <span class='ocrx_word' id='word_1_58' title='bbox 596 971 736 1010; x_wconf 88' lang='lat' dir='ltr'><strong>sum,</strong></span> <span class='ocrx_word' id='word_1_59' title='bbox 770 963 830 1002; x_wconf 85' lang='lat' dir='ltr'><strong>ut</strong></span> <span class='ocrx_word' id='word_1_60' title='bbox 863 953 998 1001; x_wconf 88' lang='lat' dir='ltr'><strong>hanc</strong></span> <span class='ocrx_word' id='word_1_61' title='bbox 1034 970 1214 1002; x_wconf 87' lang='lat' dir='ltr'><strong>curam</strong></span> <span class='ocrx_word' id='word_1_62' title='bbox 1247 953 1303 1001; x_wconf 91' lang='lat' dir='ltr'><strong>in</strong></span> <span class='ocrx_word' id='word_1_63' title='bbox 1338 969 1393 1002; x_wconf 89' lang='lat' dir='ltr'><strong>se</strong></span> <span class='ocrx_word' id='word_1_64' title='bbox 1427 952 1654 1017; x_wconf 89' lang='lat' dir='ltr'><strong>suscipe-</strong></span> 
     </span>
     <span class='ocr_line' id='line_1_13' title="bbox 256 1031 1653 1099; baseline -0.003 -15"><span class='ocrx_word' id='word_1_65' title='bbox 256 1046 344 1085; x_wconf 85' lang='lat' dir='ltr'><strong>ret.</strong></span> <span class='ocrx_word' id='word_1_66' title='bbox 424 1037 504 1083; x_wconf 91' lang='lat' dir='ltr'><strong>De</strong></span> <span class='ocrx_word' id='word_1_67' title='bbox 550 1034 771 1083; x_wconf 89' lang='lat' dir='ltr'><strong>consilio</strong></span> <span class='ocrx_word' id='word_1_68' title='bbox 818 1043 973 1099; x_wconf 88' lang='lat' dir='ltr'><strong>atque</strong></span> <span class='ocrx_word' id='word_1_69' title='bbox 1014 1034 1218 1082; x_wconf 88' lang='lat' dir='ltr'><strong>ratione</strong></span> <span class='ocrx_word' id='word_1_70' title='bbox 1263 1033 1504 1098; x_wconf 87' lang='lat' dir='ltr'><strong>opusculi</strong></span> <span class='ocrx_word' id='word_1_71' title='bbox 1548 1031 1653 1096; x_wconf 89' lang='lat' dir='ltr'><strong>jam</strong></span> 
     </span>
     <span class='ocr_line' id='line_1_14' title="bbox 254 1113 1655 1183; baseline -0.003 -18"><span class='ocrx_word' id='word_1_72' title='bbox 254 1118 365 1183; x_wconf 90' lang='lat' dir='ltr'><strong>ipse</strong></span> <span class='ocrx_word' id='word_1_73' title='bbox 399 1116 454 1164; x_wconf 90' lang='lat' dir='ltr'><strong>in</strong></span> <span class='ocrx_word' id='word_1_74' title='bbox 479 1115 760 1180; x_wconf 88' lang='lat' dir='ltr'><strong>prooemio</strong></span> <span class='ocrx_word' id='word_1_75' title='bbox 790 1114 958 1163; x_wconf 86' lang='lat' dir='ltr'><strong>fusius</strong></span> <span class='ocrx_word' id='word_1_76' title='bbox 986 1114 1231 1163; x_wconf 87' lang='lat' dir='ltr'><strong>disseruit</strong></span> <span class='ocrx_word' id='word_1_77' title='bbox 1260 1130 1356 1162; x_wconf 89' lang='lat' dir='ltr'><strong>nec</strong></span> <span class='ocrx_word' id='word_1_78' title='bbox 1393 1113 1539 1179; x_wconf 89' lang='lat' dir='ltr'><strong>quod</strong></span> <span class='ocrx_word' id='word_1_79' title='bbox 1576 1114 1655 1161; x_wconf 90' lang='lat' dir='ltr'><strong>in-</strong></span> 
     </span>
     <span class='ocr_line' id='line_1_15' title="bbox 255 1194 1654 1263; baseline -0.004 -17"><span class='ocrx_word' id='word_1_80' title='bbox 255 1214 414 1263; x_wconf 88' lang='lat' dir='ltr'><strong>super</strong></span> <span class='ocrx_word' id='word_1_81' title='bbox 440 1196 631 1245; x_wconf 89' lang='lat' dir='ltr'><strong>addam</strong></span> <span class='ocrx_word' id='word_1_82' title='bbox 652 1196 837 1251; x_wconf 87' lang='lat' dir='ltr'><strong>habeo,</strong></span> <span class='ocrx_word' id='word_1_83' title='bbox 861 1196 959 1243; x_wconf 88' lang='lat' dir='ltr'><strong>nisi</strong></span> <span class='ocrx_word' id='word_1_84' title='bbox 980 1205 1039 1243; x_wconf 89' lang='lat' dir='ltr'><strong>ut</strong></span> <span class='ocrx_word' id='word_1_85' title='bbox 1058 1211 1373 1261; x_wconf 88' lang='lat' dir='ltr'><strong>prosperum</strong></span> <span class='ocrx_word' id='word_1_86' title='bbox 1399 1194 1654 1244; x_wconf 84' lang='lat' dir='ltr'><strong>faustum-</strong></span> 
     </span>
     <span class='ocr_line' id='line_1_16' title="bbox 257 1275 1303 1345; baseline -0.003 -18"><span class='ocrx_word' id='word_1_87' title='bbox 257 1295 360 1345; x_wconf 88' lang='lat' dir='ltr'><strong>que</strong></span> <span class='ocrx_word' id='word_1_88' title='bbox 396 1293 697 1325; x_wconf 89' lang='lat' dir='ltr'><strong>successum</strong></span> <span class='ocrx_word' id='word_1_89' title='bbox 731 1276 857 1324; x_wconf 92' lang='lat' dir='ltr'><strong>huic</strong></span> <span class='ocrx_word' id='word_1_90' title='bbox 892 1275 1071 1324; x_wconf 88' lang='lat' dir='ltr'><strong>libello</strong></span> <span class='ocrx_word' id='word_1_91' title='bbox 1109 1285 1303 1341; x_wconf 88' lang='lat' dir='ltr'><strong>optem.</strong></span> 
     </span>
    </p>

    <p class='ocr_par' dir='ltr' id='par_1_3' title="bbox 254 1355 1658 2310">
     <span class='ocr_line' id='line_1_17' title="bbox 383 1355 1657 1421; baseline -0.002 -15"><span class='ocrx_word' id='word_1_92' title='bbox 383 1359 492 1406; x_wconf 89' lang='lat' dir='ltr'><strong>Nisi</strong></span> <span class='ocrx_word' id='word_1_93' title='bbox 528 1374 787 1406; x_wconf 77' lang='lat' dir='ltr'><strong>novarum</strong></span> <span class='ocrx_word' id='word_1_94' title='bbox 819 1356 1112 1421; x_wconf 89' lang='lat' dir='ltr'><strong>specierum</strong></span> <span class='ocrx_word' id='word_1_95' title='bbox 1143 1355 1376 1421; x_wconf 84' lang='lat' dir='ltr'><strong>exempla</strong></span> <span class='ocrx_word' id='word_1_96' title='bbox 1403 1355 1501 1403; x_wconf 89' lang='lat' dir='ltr'><strong>sub</strong></span> <span class='ocrx_word' id='word_1_97' title='bbox 1530 1371 1657 1403; x_wconf 90' lang='lat' dir='ltr'><strong>ocu-</strong></span> 
     </span>
     <span class='ocr_line' id='line_1_18' title="bbox 256 1434 1656 1499; baseline -0.003 -12"><span class='ocrx_word' id='word_1_98' title='bbox 256 1440 315 1487; x_wconf 88' lang='lat' dir='ltr'><strong>lis</strong></span> <span class='ocrx_word' id='word_1_99' title='bbox 350 1439 562 1494; x_wconf 82' lang='lat' dir='ltr'><strong>habeas,</strong></span> <span class='ocrx_word' id='word_1_100' title='bbox 609 1438 674 1486; x_wconf 91' lang='lat' dir='ltr'><strong>de</strong></span> <span class='ocrx_word' id='word_1_101' title='bbox 712 1437 961 1499; x_wconf 84' lang='lat' dir='ltr'><strong>dignitate</strong></span> <span class='ocrx_word' id='word_1_102' title='bbox 997 1453 1180 1486; x_wconf 85' lang='lat' dir='ltr'><strong>earum</strong></span> <span class='ocrx_word' id='word_1_103' title='bbox 1214 1437 1296 1485; x_wconf 80' lang='lat' dir='ltr'><strong>vix</strong></span> <span class='ocrx_word' id='word_1_104' title='bbox 1341 1445 1543 1484; x_wconf 84' lang='lat' dir='ltr'><strong>certum</strong></span> <span class='ocrx_word' id='word_1_105' title='bbox 1577 1434 1656 1499; x_wconf 90' lang='lat' dir='ltr'><strong>ju-</strong></span> 
     </span>
     <span class='ocr_line' id='line_1_19' title="bbox 256 1517 1656 1585; baseline -0.003 -17"><span class='ocrx_word' id='word_1_106' title='bbox 256 1530 503 1585; x_wconf 84' lang='lat' dir='ltr'><strong>stumque</strong></span> <span class='ocrx_word' id='word_1_107' title='bbox 536 1517 791 1582; x_wconf 84' lang='lat' dir='ltr'><strong>judicium</strong></span> <span class='ocrx_word' id='word_1_108' title='bbox 832 1517 942 1566; x_wconf 89' lang='lat' dir='ltr'><strong>dari</strong></span> <span class='ocrx_word' id='word_1_109' title='bbox 979 1535 1155 1583; x_wconf 83' lang='lat' dir='ltr'><strong>posse,</strong></span> <span class='ocrx_word' id='word_1_110' title='bbox 1190 1517 1303 1582; x_wconf 88' lang='lat' dir='ltr'><strong>jure</strong></span> <span class='ocrx_word' id='word_1_111' title='bbox 1328 1517 1542 1565; x_wconf 86' lang='lat' dir='ltr'><strong>monuit</strong></span> <span class='ocrx_word' id='word_1_112' title='bbox 1567 1533 1656 1565; x_wconf 88' lang='lat' dir='ltr'><strong>au-</strong></span> 
     </span>
     <span class='ocr_line' id='line_1_20' title="bbox 255 1598 1658 1665; baseline -0.002 -17"><span class='ocrx_word' id='word_1_113' title='bbox 255 1610 350 1649; x_wconf 87' lang='lat' dir='ltr'><strong>tor.</strong></span> <span class='ocrx_word' id='word_1_114' title='bbox 414 1604 535 1661; x_wconf 81' lang='lat' dir='ltr'><strong>Quo</strong></span> <span class='ocrx_word' id='word_1_115' title='bbox 572 1600 737 1662; x_wconf 86' lang='lat' dir='ltr'><strong>magis</strong></span> <span class='ocrx_word' id='word_1_116' title='bbox 771 1599 930 1662; x_wconf 83' lang='lat' dir='ltr'><strong>igitur</strong></span> <span class='ocrx_word' id='word_1_117' title='bbox 955 1615 1058 1656; x_wconf 87' lang='lat' dir='ltr'><strong>eos,</strong></span> <span class='ocrx_word' id='word_1_118' title='bbox 1095 1599 1186 1665; x_wconf 87' lang='lat' dir='ltr'><strong>qui</strong></span> <span class='ocrx_word' id='word_1_119' title='bbox 1223 1599 1290 1647; x_wconf 90' lang='lat' dir='ltr'><strong>de</strong></span> <span class='ocrx_word' id='word_1_120' title='bbox 1325 1598 1543 1661; x_wconf 85' lang='lat' dir='ltr'><strong>singulis</strong></span> <span class='ocrx_word' id='word_1_121' title='bbox 1576 1614 1658 1646; x_wconf 88' lang='lat' dir='ltr'><strong>re-</strong></span> 
     </span>
     <span class='ocr_line' id='line_1_21' title="bbox 257 1678 1656 1744; baseline -0.002 -14"><span class='ocrx_word' id='word_1_122' title='bbox 257 1682 387 1730; x_wconf 87' lang='lat' dir='ltr'><strong>ctius</strong></span> <span class='ocrx_word' id='word_1_123' title='bbox 426 1681 790 1743; x_wconf 77' lang='lat' dir='ltr'><strong>cognoverint,</strong></span> <span class='ocrx_word' id='word_1_124' title='bbox 826 1679 1130 1728; x_wconf 87' lang='lat' dir='ltr'><strong>admonitos</strong></span> <span class='ocrx_word' id='word_1_125' title='bbox 1162 1688 1484 1744; x_wconf 87' lang='lat' dir='ltr'><strong>rogatosque</strong></span> <span class='ocrx_word' id='word_1_126' title='bbox 1518 1678 1656 1735; x_wconf 86' lang='lat' dir='ltr'><strong>volo,</strong></span> 
     </span>
     <span class='ocr_line' id='line_1_22' title="bbox 255 1760 1658 1811; baseline -0.003 -1"><span class='ocrx_word' id='word_1_127' title='bbox 255 1772 315 1811; x_wconf 87' lang='lat' dir='ltr'><strong>ut</strong></span> <span class='ocrx_word' id='word_1_128' title='bbox 341 1762 625 1810; x_wconf 91' lang='lat' dir='ltr'><strong>nobiscum</strong></span> <span class='ocrx_word' id='word_1_129' title='bbox 662 1761 812 1808; x_wconf 86' lang='lat' dir='ltr'><strong>citius</strong></span> <span class='ocrx_word' id='word_1_130' title='bbox 849 1760 1241 1809; x_wconf 80' lang='lat' dir='ltr'><strong>observationes</strong></span> <span class='ocrx_word' id='word_1_131' title='bbox 1269 1776 1387 1808; x_wconf 87' lang='lat' dir='ltr'><strong>suas</strong></span> <span class='ocrx_word' id='word_1_132' title='bbox 1414 1776 1658 1808; x_wconf 90' lang='lat' dir='ltr'><strong>commu-</strong></span> 
     </span>
     <span class='ocr_line' id='line_1_23' title="bbox 257 1840 1657 1906; baseline -0.001 -16"><span class='ocrx_word' id='word_1_133' title='bbox 257 1843 444 1897; x_wconf 84' lang='lat' dir='ltr'><strong>nicent,</strong></span> <span class='ocrx_word' id='word_1_134' title='bbox 472 1857 606 1906; x_wconf 90' lang='lat' dir='ltr'><strong>quae</strong></span> <span class='ocrx_word' id='word_1_135' title='bbox 626 1841 702 1888; x_wconf 80' lang='lat' dir='ltr'><strong>vel</strong></span> <span class='ocrx_word' id='word_1_136' title='bbox 730 1841 784 1887; x_wconf 88' lang='lat' dir='ltr'><strong>in</strong></span> <span class='ocrx_word' id='word_1_137' title='bbox 811 1841 1054 1889; x_wconf 86' lang='lat' dir='ltr'><strong>scientiae</strong></span> <span class='ocrx_word' id='word_1_138' title='bbox 1080 1840 1328 1889; x_wconf 89' lang='lat' dir='ltr'><strong>naturalis</strong></span> <span class='ocrx_word' id='word_1_139' title='bbox 1348 1849 1657 1905; x_wconf 84' lang='lat' dir='ltr'><strong>promptua-</strong></span> 
     </span>
     <span class='ocr_line' id='line_1_24' title="bbox 254 1920 1658 1986; baseline -0.002 -15"><span class='ocrx_word' id='word_1_140' title='bbox 254 1924 336 1971; x_wconf 88' lang='lat' dir='ltr'><strong>rio</strong></span> <span class='ocrx_word' id='word_1_141' title='bbox 383 1939 529 1978; x_wconf 91' lang='lat' dir='ltr'><strong>meo,</strong></span> <span class='ocrx_word' id='word_1_142' title='bbox 572 1921 651 1969; x_wconf 81' lang='lat' dir='ltr'><strong>vel</strong></span> <span class='ocrx_word' id='word_1_143' title='bbox 694 1921 748 1968; x_wconf 89' lang='lat' dir='ltr'><strong>in</strong></span> <span class='ocrx_word' id='word_1_144' title='bbox 792 1931 1043 1986; x_wconf 89' lang='lat' dir='ltr'><strong>sequente</strong></span> <span class='ocrx_word' id='word_1_145' title='bbox 1086 1920 1245 1984; x_wconf 87' lang='lat' dir='ltr'><strong>hujus</strong></span> <span class='ocrx_word' id='word_1_146' title='bbox 1291 1920 1464 1986; x_wconf 89' lang='lat' dir='ltr'><strong>operis</strong></span> <span class='ocrx_word' id='word_1_147' title='bbox 1508 1920 1658 1968; x_wconf 89' lang='lat' dir='ltr'><strong>volu-</strong></span> 
     </span>
     <span class='ocr_line' id='line_1_25' title="bbox 256 2000 1656 2068; baseline -0.002 -17"><span class='ocrx_word' id='word_1_148' title='bbox 256 2004 400 2051; x_wconf 91' lang='lat' dir='ltr'><strong>mine</strong></span> <span class='ocrx_word' id='word_1_149' title='bbox 436 2001 749 2068; x_wconf 87' lang='lat' dir='ltr'><strong>propediem</strong></span> <span class='ocrx_word' id='word_1_150' title='bbox 786 2001 1088 2067; x_wconf 89' lang='lat' dir='ltr'><strong>apparituro</strong></span> <span class='ocrx_word' id='word_1_151' title='bbox 1122 2002 1318 2068; x_wconf 87' lang='lat' dir='ltr'><strong>publici</strong></span> <span class='ocrx_word' id='word_1_152' title='bbox 1353 2000 1479 2065; x_wconf 88' lang='lat' dir='ltr'><strong>juris</strong></span> <span class='ocrx_word' id='word_1_153' title='bbox 1516 2000 1656 2049; x_wconf 89' lang='lat' dir='ltr'><strong>fiant.</strong></span> 
     </span>
     <span class='ocr_line' id='line_1_26' title="bbox 259 2082 1658 2132; baseline -0.002 0"><span class='ocrx_word' id='word_1_154' title='bbox 259 2084 342 2132; x_wconf 87' lang='lat' dir='ltr'><strong>Sic</strong></span> <span class='ocrx_word' id='word_1_155' title='bbox 386 2084 528 2131; x_wconf 87' lang='lat' dir='ltr'><strong>enim</strong></span> <span class='ocrx_word' id='word_1_156' title='bbox 570 2082 813 2130; x_wconf 84' lang='lat' dir='ltr'><strong>facillime</strong></span> <span class='ocrx_word' id='word_1_157' title='bbox 855 2100 910 2130; x_wconf 90' lang='lat' dir='ltr'><strong>ac</strong></span> <span class='ocrx_word' id='word_1_158' title='bbox 948 2084 1193 2132; x_wconf 88' lang='lat' dir='ltr'><strong>citissime</strong></span> <span class='ocrx_word' id='word_1_159' title='bbox 1228 2083 1441 2131; x_wconf 87' lang='lat' dir='ltr'><strong>cuilibet</strong></span> <span class='ocrx_word' id='word_1_160' title='bbox 1477 2098 1658 2130; x_wconf 83' lang='lat' dir='ltr'><strong>occur-</strong></span> 
     </span>
     <span class='ocr_line' id='line_1_27' title="bbox 259 2162 1654 2228; baseline -0.001 -17"><span class='ocrx_word' id='word_1_161' title='bbox 259 2165 389 2211; x_wconf 86' lang='lat' dir='ltr'><strong>ritur</strong></span> <span class='ocrx_word' id='word_1_162' title='bbox 417 2163 594 2219; x_wconf 81' lang='lat' dir='ltr'><strong>errori,</strong></span> <span class='ocrx_word' id='word_1_163' title='bbox 631 2163 938 2228; x_wconf 88' lang='lat' dir='ltr'><strong>priusquam</strong></span> <span class='ocrx_word' id='word_1_164' title='bbox 969 2181 1166 2212; x_wconf 84' lang='lat' dir='ltr'><strong>nocuas</strong></span> <span class='ocrx_word' id='word_1_165' title='bbox 1193 2164 1392 2212; x_wconf 85' lang='lat' dir='ltr'><strong>radices</strong></span> <span class='ocrx_word' id='word_1_166' title='bbox 1420 2162 1574 2211; x_wconf 84' lang='lat' dir='ltr'><strong>altius</strong></span> <span class='ocrx_word' id='word_1_167' title='bbox 1600 2163 1654 2210; x_wconf 89' lang='lat' dir='ltr'><strong>in</strong></span> 
     </span>
     <span class='ocr_line' id='line_1_28' title="bbox 257 2244 1574 2310; baseline -0.001 -18"><span class='ocrx_word' id='word_1_168' title='bbox 257 2245 470 2293; x_wconf 87' lang='lat' dir='ltr'><strong>scientia</strong></span> <span class='ocrx_word' id='word_1_169' title='bbox 508 2244 679 2307; x_wconf 88' lang='lat' dir='ltr'><strong>egerit.</strong></span> <span class='ocrx_word' id='word_1_170' title='bbox 747 2244 926 2294; x_wconf 88' lang='lat' dir='ltr'><strong>Valete</strong></span> <span class='ocrx_word' id='word_1_171' title='bbox 961 2255 1116 2310; x_wconf 89' lang='lat' dir='ltr'><strong>atque</strong></span> <span class='ocrx_word' id='word_1_172' title='bbox 1151 2245 1316 2293; x_wconf 86' lang='lat' dir='ltr'><strong>favete</strong></span> <span class='ocrx_word' id='word_1_173' title='bbox 1349 2244 1574 2308; x_wconf 89' lang='lat' dir='ltr'><strong>incepto.</strong></span> 
     </span>
    </p>

    <p class='ocr_par' dir='ltr' id='par_1_4' title="bbox 327 2341 1495 2386">
     <span class='ocr_line' id='line_1_29' title="bbox 327 2341 1495 2386; baseline -0.001 -3"><span class='ocrx_word' id='word_1_174' title='bbox 327 2341 495 2384; x_wconf 81' lang='lat' dir='ltr'><strong>Dabam</strong></span> <span class='ocrx_word' id='word_1_175' title='bbox 526 2342 718 2385; x_wconf 87' lang='lat' dir='ltr'><strong>Berolini</strong></span> <span class='ocrx_word' id='word_1_176' title='bbox 749 2341 790 2384; x_wconf 88' lang='lat' dir='ltr'><strong>d.</strong></span> <span class='ocrx_word' id='word_1_177' title='bbox 821 2357 911 2384; x_wconf 68' lang='lat' dir='ltr'>XXV.</span> <span class='ocrx_word' id='word_1_178' title='bbox 933 2344 1065 2385; x_wconf 83' lang='lat' dir='ltr'><strong>Junii.</strong></span> <span class='ocrx_word' id='word_1_179' title='bbox 1092 2341 1495 2386; x_wconf 78' lang='lat' dir='ltr'>MDCCCXXXVI.</span> 
     </span>
    </p>
   </div>
   <div class='ocr_carea' id='block_1_3' title="bbox 832 2527 1087 2541">
    <p class='ocr_par' dir='ltr' id='par_1_5' title="bbox 832 2527 1087 2541">
     <span class='ocr_line' id='line_1_30' title="bbox 832 2527 1087 2541; baseline 0.004 -6"><span class='ocrx_word' id='word_1_180' title='bbox 832 2527 1087 2541; x_wconf 38' lang='lat'><strong>**„</strong></span> 
     </span>
    </p>
   </div>
  </div>
 </body>
</html>
